@article{glauber_survey,
  title={A survey on the use of Markov chains to randomly sample colourings},
  author={Frieze, Alan and Vigoda, Eric},
  journal={Oxford Lecture Series in Mathematics and its Applications},
  volume={34},
  pages={53},
  year={2007},
  publisher={New York; Oxford University Press; 1999}
}

@article{reut,
  title={Sublinear Random Access Generators for Preferential Attachment Graphs},
  author={Even, Guy and Levi, Reut and Medina, Moti and Rosen, Adi},
  journal={arXiv preprint arXiv:1602.06159},
  year={2016}
}

@incollection{comp_geo,
  title={Computational geometry},
  author={De Berg, Mark and Van Kreveld, Marc and Overmars, Mark and Schwarzkopf, Otfried Cheong},
  booktitle={Computational geometry},
  pages={105--109},
  year={2000},
  publisher={Springer}
}

@inproceedings{mansour2012converting,
  title={Converting online algorithms to local computation algorithms},
  author={Mansour, Yishay and Rubinstein, Aviad and Vardi, Shai and Xie, Ning},
  booktitle={International Colloquium on Automata, Languages, and Programming},
  pages={653--664},
  year={2012},
  organization={Springer}
}

@article{huge,
  title={On the implementation of huge random objects},
  author={Goldreich, Oded and Goldwasser, Shafi and Nussboim, Asaf},
  journal={SIAM Journal on Computing},
  volume={39},
  number={7},
  pages={2761--2822},
  year={2010},
  publisher={SIAM}
}

@article{sbm,
  title={Asymptotic analysis of the stochastic block model for modular networks and its algorithmic applications},
  author={Decelle, Aurelien and Krzakala, Florent and Moore, Cristopher and Zdeborov{\'a}, Lenka},
  journal={Physical Review E},
  volume={84},
  number={6},
  pages={066106},
  year={2011},
  publisher={APS}
}

@article{cyclic,
  title={Constructing pseudo-random permutations with a prescribed structure},
  author={Naor, Moni and Reingold, Omer},
  journal={Journal of Cryptology},
  volume={15},
  number={2},
  pages={97--102},
  year={2002},
  publisher={Springer}
}

@article{trap,
  title={CATALAN'S TRAPEZOIDS},
  author={Reuveni, Shlomi},
  journal={Probability in the Engineering and Informational Sciences},
  volume={28},
  number={03},
  pages={353--361},
  year={2014},
  publisher={Cambridge Univ Press}
}

@article{greenberg1971review,
  title={A review of quasi-convex functions},
  author={Greenberg, Harvey J and Pierskalla, William P},
  journal={Operations Research},
  volume={19},
  number={7},
  pages={1553--1570},
  year={1971},
  publisher={INFORMS}
}

@inproceedings{kleinberg,
  title={The small-world phenomenon: An algorithmic perspective},
  author={Kleinberg, Jon},
  booktitle={Proceedings of the thirty-second annual ACM symposium on Theory of computing},
  pages={163--170},
  year={2000},
  organization={ACM}
}

@article{er,
  title={On random graphs I},
  author={ERDdS, P and R\&WI, A},
  journal={Publ. Math. Debrecen},
  volume={6},
  pages={290--297},
  year={1959}
}

@ONLINE{klein_img,
    author = {Schabanel, Nicolas},
    title = {Analyzing Search Algorithms in Small Worlds},
    year = {2011},
    howpublished = {\url{https://www-sop.inria.fr/mascotte/EULER/wiki/img/Kleinbergs_Network.png}}
}

@incollection{sparse,
  title={Implementing huge sparse random graphs},
  author={Naor, Moni and Nussboim, Asaf},
  booktitle={Approximation, Randomization, and Combinatorial Optimization. Algorithms and Techniques},
  pages={596--608},
  year={2007},
  publisher={Springer}
}
