@book{asymptopia,
  title={Asymptopia},
  author={Spencer, Joel},
  volume={71},
  year={2014},
  publisher={American Mathematical Soc.}
}

@inproceedings{mohsen,
  title={A Simple Parallel and Distributed Sampling Technique: Local Glauber Dynamics},
  author={Fischer, Manuela and Ghaffari, Mohsen},
  booktitle={32nd International Symposium on Distributed Computing (DISC 2018)},
  year={2018},
  organization={Schloss Dagstuhl-Leibniz-Zentrum fuer Informatik}
}

@book{catalan_book,
  title={Catalan numbers},
  author={Stanley, Richard P},
  year={2015},
  publisher={Cambridge University Press}
}

@article{glauber_survey,
  title={A survey on the use of Markov chains to randomly sample colourings},
  author={Frieze, Alan and Vigoda, Eric},
  journal={Oxford Lecture Series in Mathematics and its Applications},
  volume={34},
  pages={53},
  year={2007},
  publisher={New York; Oxford University Press; 1999}
}

@incollection{comp_geo,
  title={Computational geometry},
  author={De Berg, Mark and Van Kreveld, Marc and Overmars, Mark and Schwarzkopf, Otfried Cheong},
  booktitle={Computational geometry},
  pages={105--109},
  year={2000},
  publisher={Springer}
}

@article{sbm,
  title={Asymptotic analysis of the stochastic block model for modular networks and its algorithmic applications},
  author={Decelle, Aurelien and Krzakala, Florent and Moore, Cristopher and Zdeborov{\'a}, Lenka},
  journal={Physical Review E},
  volume={84},
  number={6},
  pages={066106},
  year={2011},
  publisher={APS}
}

@article{cyclic,
  title={Constructing pseudo-random permutations with a prescribed structure},
  author={Naor, Moni and Reingold, Omer},
  journal={Journal of Cryptology},
  volume={15},
  number={2},
  pages={97--102},
  year={2002},
  publisher={Springer}
}

@article{trap,
  title={CATALAN'S TRAPEZOIDS},
  author={Reuveni, Shlomi},
  journal={Probability in the Engineering and Informational Sciences},
  volume={28},
  number={03},
  pages={353--361},
  year={2014},
  publisher={Cambridge Univ Press}
}

@article{greenberg1971review,
  title={A review of quasi-convex functions},
  author={Greenberg, Harvey J and Pierskalla, William P},
  journal={Operations Research},
  volume={19},
  number={7},
  pages={1553--1570},
  year={1971},
  publisher={INFORMS}
}

@ONLINE{klein_img,
    author = {Schabanel, Nicolas},
    title = {Analyzing Search Algorithms in Small Worlds},
    year = {2011},
    howpublished = {\url{https://www-sop.inria.fr/mascotte/EULER/wiki/img/Kleinbergs_Network.png}}
}

@inproceedings{reut,
  author    = {Guy Even and
               Reut Levi and
               Moti Medina and
               Adi Ros{\'{e}}n},
  title     = {Sublinear Random Access Generators for Preferential Attachment Graphs},
  booktitle = {44th International Colloquium on Automata, Languages, and Programming,
               {ICALP} 2017, July 10-14, 2017, Warsaw, Poland},
  pages     = {6:1--6:15},
  year      = {2017},
  url       = {https://doi.org/10.4230/LIPIcs.ICALP.2017.6},
  doi       = {10.4230/LIPIcs.ICALP.2017.6},
  timestamp = {Tue, 18 Jul 2017 10:55:27 +0200},
  biburl    = {http://dblp.uni-trier.de/rec/bib/conf/icalp/EvenLMR17},
  bibsource = {dblp computer science bibliography, http://dblp.org}
}

@incollection{comp_geo,
  title={Computational geometry},
  author={De Berg, Mark and Van Kreveld, Marc and Overmars, Mark and Schwarzkopf, Otfried Cheong},
  booktitle={Computational geometry},
  pages={105--109},
  year={2000},
  publisher={Springer}
}

@article{huge,
  title={On the implementation of huge random objects},
  author={Goldreich, Oded and Goldwasser, Shafi and Nussboim, Asaf},
  journal={SIAM Journal on Computing},
  volume={39},
  number={7},
  pages={2761--2822},
  year={2010},
  publisher={SIAM}
}

@article{greenberg1971review,
  title={A review of quasi-convex functions},
  author={Greenberg, Harvey J and Pierskalla, William P},
  journal={Operations Research},
  volume={19},
  number={7},
  pages={1553--1570},
  year={1971},
  publisher={INFORMS}
}

@inproceedings{kleinberg,
  title={The small-world phenomenon: An algorithmic perspective},
  author={Kleinberg, Jon},
  booktitle={Proceedings of the thirty-second annual ACM Symposium on Theory of Computing},
  pages={163--170},
  year={2000},
  organization={ACM}
}

@article{er2,
  title={On random graphs I},
  author={ERDdS, P and R\&WI, A},
  journal={Publ. Math. Debrecen},
  volume={6},
  pages={290--297},
  year={1959}
}

@ONLINE{klein_img,
    author = {Schabanel, Nicolas},
    title = {Analyzing Search Algorithms in Small Worlds},
    year = {2011},
    howpublished = {\url{https://www-sop.inria.fr/mascotte/EULER/wiki/img/Kleinbergs_Network.png}}
}

@incollection{sparse,
  title={Implementing huge sparse random graphs},
  author={Naor, Moni and Nussboim, Asaf},
  booktitle={Approximation, Randomization, and Combinatorial Optimization. Algorithms and Techniques},
  pages={596--608},
  year={2007},
  publisher={Springer}
}

@misc{knuth,
  title={The art of computer programming, 3rd edn. seminumerical algorithms, vol. 2},
  author={Knuth, Donald E},
  year={1997},
  publisher={Addison-Wesley, Reading}
}


@article{abbe,
  title={Community detection and the stochastic block model},
  author={Abbe, Emmanuel},
  year={2016}
}

@article{social0,
  title={Community detection in graphs},
  author={Fortunato, Santo},
  journal={Physics reports},
  volume={486},
  number={3},
  pages={75--174},
  year={2010},
  publisher={Elsevier}
}

@article{social1,
  title={Random graph models of social networks},
  author={Newman, Mark EJ and Watts, Duncan J and Strogatz, Steven H},
  journal={Proceedings of the National Academy of Sciences},
  volume={99},
  number={suppl 1},
  pages={2566--2572},
  year={2002},
  publisher={National Acad Sciences}
}

@article{rec0,
  title={Amazon. com recommendations: Item-to-item collaborative filtering},
  author={Linden, Greg and Smith, Brent and York, Jeremy},
  journal={IEEE Internet computing},
  volume={7},
  number={1},
  pages={76--80},
  year={2003},
  publisher={IEEE}
}

@inproceedings{rec1,
  title={Community-based recommendations: a solution to the cold start problem},
  author={Sahebi, Shaghayegh and Cohen, William W},
  booktitle={Workshop on recommender systems and the social web, RSWEB},
  pages={60},
  year={2011}
}

@article{med0,
  title={Gene expression patterns of breast carcinomas distinguish tumor subclasses with clinical implications},
  author={S{\o}rlie, Therese and Perou, Charles M and Tibshirani, Robert and Aas, Turid and Geisler, Stephanie and Johnsen, Hilde and Hastie, Trevor and Eisen, Michael B and Van De Rijn, Matt and Jeffrey, Stefanie S and others},
  journal={Proceedings of the National Academy of Sciences},
  volume={98},
  number={19},
  pages={10869--10874},
  year={2001},
  publisher={National Acad Sciences}
}

@article{bio0,
  title={Detecting functional modules in the yeast protein--protein interaction network},
  author={Chen, Jingchun and Yuan, Bo},
  journal={Bioinformatics},
  volume={22},
  number={18},
  pages={2283--2290},
  year={2006},
  publisher={Oxford University Press}
}

@article{bio1,
  title={Detecting protein function and protein-protein interactions from genome sequences},
  author={Marcotte, Edward M and Pellegrini, Matteo and Ng, Ho-Leung and Rice, Danny W and Yeates, Todd O and Eisenberg, David},
  journal={Science},
  volume={285},
  number={5428},
  pages={751--753},
  year={1999},
  publisher={American Association for the Advancement of Science}
}

@article{img0   ,
  title={Normalized cuts and image segmentation},
  author={Shi, Jianbo and Malik, Jitendra},
  journal={IEEE Transactions on Pattern Analysis and Machine Intelligence},
  volume={22},
  number={8},
  pages={888--905},
  year={2000},
  publisher={Ieee}
}

@inproceedings{gene0,
  title={Detecting community structures in Hi-C genomic data},
  author={Cabreros, Irineo and Abbe, Emmanuel and Tsirigos, Aristotelis},
  booktitle={Information Science and Systems (CISS), 2016 Annual Conference on},
  pages={584--589},
  year={2016},
  organization={IEEE}
}

@article{gene1,
  title={Cluster analysis for gene expression data: a survey},
  author={Jiang, Daxin and Tang, Chun and Zhang, Aidong},
  journal={IEEE Transactions on knowledge and data engineering},
  volume={16},
  number={11},
  pages={1370--1386},
  year={2004},
  publisher={IEEE}
}

@article{gene2,
  title={Integration of biological networks and gene expression data using Cytoscape},
  author={Cline, Melissa S and Smoot, Michael and Cerami, Ethan and Kuchinsky, Allan and Landys, Nerius and Workman, Chris and Christmas, Rowan and Avila-Campilo, Iliana and Creech, Michael and Gross, Benjamin and others},
  journal={Nature protocols},
  volume={2},
  number={10},
  pages={2366--2382},
  year={2007},
  publisher={Nature Publishing Group}
}

@article{small0,
  title={An experimental study of search in global social networks},
  author={Dodds, Peter Sheridan and Muhamad, Roby and Watts, Duncan J},
  journal={science},
  volume={301},
  number={5634},
  pages={827--829},
  year={2003},
  publisher={American Association for the Advancement of Science}
}

@article{small1,
  title={The small world problem},
  author={Travers, Jeffrey and Milgram, Stanley},
  journal={Phychology Today},
  volume={1},
  pages={61--67},
  year={1967},
  publisher={JSTOR}
}

@article{er_gen,
  title={Efficient generation of large random networks},
  author={Batagelj, Vladimir and Brandes, Ulrik},
  journal={Physical Review E},
  volume={71},
  number={3},
  pages={036113},
  year={2005},
  publisher={APS}
}

@inproceedings{huge_old,
  title={On the implementation of huge random objects},
  author={Goldreich, O and Goldwasser, S and Nussboim, A},
  booktitle={Foundations of Computer Science, 2003. Proceedings. 44th Annual IEEE Symposium on},
  pages={68--79},
  year={2003},
  organization={IEEE}
}

@article{er,
  title={On the evolution of random graphs},
  author={Erdos, Paul and R{\'e}nyi, Alfr{\'e}d},
  journal={Publ. Math. Inst. Hung. Acad. Sci},
  volume={5},
  number={1},
  pages={17--60},
  year={1960}
}

@article{holland,
  title={Stochastic blockmodels: First steps},
  author={Holland, Paul W and Laskey, Kathryn Blackmond and Leinhardt, Samuel},
  journal={Social networks},
  volume={5},
  number={2},
  pages={109--137},
  year={1983},
  publisher={Elsevier}
}

@inproceedings{abbe2015community,
  title={Community detection in general stochastic block models: Fundamental limits and efficient algorithms for recovery},
  author={Abbe, Emmanuel and Sandon, Colin},
  booktitle={Foundations of Computer Science (FOCS), 2015 IEEE 56th Annual Symposium on},
  pages={670--688},
  year={2015},
  organization={IEEE}
}

@article{mossel2015reconstruction,
  title={Reconstruction and estimation in the planted partition model},
  author={Mossel, Elchanan and Neeman, Joe and Sly, Allan},
  journal={Probability Theory and Related Fields},
  volume={162},
  number={3-4},
  pages={431--461},
  year={2015},
  publisher={Springer}
}

@article{watts1998collective,
  title={Collective dynamics of ‘small-world’ networks},
  author={Watts, Duncan J and Strogatz, Steven H},
  journal={Nature},
  volume={393},
  number={6684},
  pages={440--442},
  year={1998},
  publisher={Nature Publishing Group}
}

@article{abbe2016exact,
  title={Exact recovery in the stochastic block model},
  author={Abbe, Emmanuel and Bandeira, Afonso S and Hall, Georgina},
  journal={IEEE Transactions on Information Theory},
  volume={62},
  number={1},
  pages={471--487},
  year={2016},
  publisher={IEEE}
}

@inproceedings{chin2015stochastic,
  title={Stochastic block model and community detection in sparse graphs: A spectral algorithm with optimal rate of recovery},
  author={Chin, Peter and Rao, Anup and Vu, Van},
  booktitle={Conference on Learning Theory},
  pages={391--423},
  year={2015}
}

@inproceedings{martel2004analyzing,
  title={Analyzing Kleinberg's (and other) small-world models},
  author={Martel, Chip and Nguyen, Van},
  booktitle={Proceedings of the twenty-third annual ACM Symposium on Principles of Distributed Computing},
  pages={179--188},
  year={2004},
  organization={ACM}
}

@article{bassett2006small,
  title={Small-world brain networks},
  author={Bassett, Danielle Smith and Bullmore, ED},
  journal={The neuroscientist},
  volume={12},
  number={6},
  pages={512--523},
  year={2006},
  publisher={Sage Publications Sage CA: Thousand Oaks, CA}
}

@article{newman2000models,
  title={Models of the small world},
  author={Newman, Mark EJ},
  journal={Journal of Statistical Physics},
  volume={101},
  number={3},
  pages={819--841},
  year={2000},
  publisher={Springer}
}

@book{easley2010networks,
  title={Networks, crowds, and markets: Reasoning about a highly connected world},
  author={Easley, David and Kleinberg, Jon},
  year={2010},
  publisher={Cambridge University Press}
}

@article{goldreich1998property,
  title={Property testing and its connection to learning and approximation},
  author={Goldreich, Oded and Goldwasser, Shari and Ron, Dana},
  journal={Journal of the ACM (JACM)},
  volume={45},
  number={4},
  pages={653--750},
  year={1998},
  publisher={ACM}
}

@inproceedings{goldreich1997property,
  title={Property testing in bounded degree graphs},
  author={Goldreich, Oded and Ron, Dana},
  booktitle={Proceedings of the twenty-ninth annual ACM Symposium on Theory of Computing},
  pages={406--415},
  year={1997},
  organization={ACM}
}

@article{brautbar2010local,
  title={Local algorithms for finding interesting individuals in large networks},
  author={Brautbar, Michael and Kearns, Michael J},
  year={2010}
}

@article{feige2017probe,
  title={On the probe complexity of local computation algorithms},
  author={Feige, Uriel and Patt-Shamir, Boaz and Vardi, Shai},
  journal={arXiv preprint arXiv:1703.07734},
  year={2017}
}

@inproceedings{mansour2012converting,
  author    = {Yishay Mansour and
               Aviad Rubinstein and
               Shai Vardi and
               Ning Xie},
  title     = {Converting Online Algorithms to Local Computation Algorithms},
  booktitle = {Automata, Languages, and Programming - 39th International Colloquium,
               {ICALP} 2012, Warwick, UK, July 9-13, 2012, Proceedings, Part {I}},
  pages     = {653--664},
  year      = {2012},
  url       = {https://doi.org/10.1007/978-3-642-31594-7_55},
  doi       = {10.1007/978-3-642-31594-7_55},
  timestamp = {Sun, 04 Jun 2017 10:07:30 +0200},
  biburl    = {http://dblp.uni-trier.de/rec/bib/conf/icalp/MansourRVX12},
  bibsource = {dblp computer science bibliography, http://dblp.org}
}

@inproceedings{nobari2011fast,
  title={Fast random graph generation},
  author={Nobari, Sadegh and Lu, Xuesong and Karras, Panagiotis and Bressan, St{\'e}phane},
  booktitle={Proceedings of the 14th International Conference on Extending Database Technology},
  pages={331--342},
  year={2011},
  organization={ACM}
}

@article{milo2003uniform,
  title={On the uniform generation of random graphs with prescribed degree sequences},
  author={Milo, Ron and Kashtan, Nadav and Itzkovitz, Shalev and Newman, Mark EJ and Alon, Uri},
  journal={arXiv preprint cond-mat/0312028},
  year={2003}
}

@article{alam2017parallel,
  title={Parallel algorithms for generating random networks with given degree sequences},
  author={Alam, Maksudul and Khan, Maleq},
  journal={International Journal of Parallel Programming},
  volume={45},
  number={1},
  pages={109--127},
  year={2017},
  publisher={Springer}
}

@article{miller2011efficient,
  title={Efficient generation of networks with given expected degrees},
  author={Miller, Joel and Hagberg, Aric},
  journal={Algorithms and models for the web graph},
  pages={115--126},
  year={2011},
  publisher={Springer}
}

@inproceedings{klein,
  title={Analyzing Kleinberg's (and other) small-world models},
  author={Martel, Chip and Nguyen, Van},
  booktitle={Proceedings of the twenty-third annual ACM Symposium on Principles of Distributed Computing},
  pages={179--188},
  year={2004},
  organization={ACM}
}

@article{ba_pa,
  title={Statistical mechanics of complex networks},
  author={Albert, R{\'e}ka and Barab{\'a}si, Albert-L{\'a}szl{\'o}},
  journal={Reviews of modern physics},
  volume={74},
  number={1},
  pages={47},
  year={2002},
  publisher={APS}
}
